@article{jones-etal-2014,
	author = {Marrero, Jos{\' e} and Garc{\' i}a, Alicia and Berrocoso, Manuel and Llinares, {\' A}ngeles and Rodr{\' i}guez-Losada, Antonio and Ortiz, R.},
	journal = {Journal of Applied Volcanology},
	doi = {10.1186/s13617-019-0085-5},
	year = {2019},
	month = {7},
	title = {Strategies for the development of volcanic hazard maps in monogenetic volcanic fields: the example of {La} {Palma} ({Canary} {Islands})},
	volume = {8},
}

