@article{Vogel2018systemic,
  author = {Vogel, Hans-J{\" o}rg and Bartke, Stephan and Daedlow, Katrin and Helming, Katharina and K{\" o}gel-Knabner, Ingrid and Lang, Birgit and Rabot, Eva and Russell, David and St{\" o}\ss{}el, Bastian and Weller, Ulrich and Wiesmeier, Martin and Wollschl{\" a}ger, Ute},
  journal = {SOIL},
  number = {1},
  year = {2018},
  month = {mar 15},
  pages = {83--92},
  title = {A systemic approach for modeling soil functions},
  volume = {4},
  doi = {10.5194/soil-4-83-2018},
  issn = {2199-398X},
  url = {http://dx.doi.org/10.5194/soil-4-83-2018},
}

@article{Meurer2020framework,
  author = {Meurer, Katharina and Barron, Jennie and Chenu, Claire and Coucheney, Elsa and Fielding, Matthew and Hallett, Paul and Herrmann, Anke M. and Keller, Thomas and Koestel, John and Larsbo, Mats and Lewan, Elisabet and Or, Dani and Parsons, David and Parvin, Nargish and Taylor, Astrid and Vereecken, Harry and Jarvis, Nicholas},
  journal = {Global Change Biology},
  number = {10},
  year = {2020},
  month = {aug 23},
  pages = {5382--5403},
  title = {A framework for modelling soil structure dynamics induced by biological activity},
  volume = {26},
  issn = {1354-1013},
  url = {http://dx.doi.org/10.1111/gcb.15289},
}

@book{RN1,
   author = {IPCC},
   title = {Climate Change 2021: The Physical Science Basis. Contribution of Working Group I to the Sixth Assessment Report of the Intergovernmental Panel on Climate Change},
   publisher = {Cambridge University Press},
   address = {Cambridge, United Kingdom and New York, NY, USA},
   volume = {In Press},
   DOI = {10.1017/9781009157896},
   year = {2021},
   type = {Book}
}

@article{Powlson2011Soil,
  author = {Powlson, D.S. and Gregory, P.J. and Whalley, W.R. and Quinton, J.N. and Hopkins, D.W. and Whitmore, A.P. and Hirsch, P.R. and Goulding, K.W.T.},
  journal = {Food Policy},
  year = {2011},
  month = {1},
  pages = {S72--S87},
  title = {Soil management in relation to sustainable agriculture and ecosystem services},
  volume = {36},
  doi = {10.1016/j.foodpol.2010.11.025},
  issn = {0306-9192},
  url = {http://dx.doi.org/10.1016/j.foodpol.2010.11.025},
}